%%% NEW

@book{XUNIT_TEST_PATTERNS,
  title={{XUnit Test Patterns: Refactoring Test Code}},
  author={Gerard Meszaros},
  isbn={978-0-13-149505-0},
  series={The Addison-Wesley Signature Series},
  url={http://xunitpatterns.com/index.html},
  year={2007},
  publisher={Addison-Wesley}
}

@manual{Spock,
	title         = "Spock",
	author        = "Spock",
  organization  = "Spock",
note = {\verb+docs.spockframework.org/+},
  url		  			= {docs.spockframework.org/}
}

@manual{DBUnit,
	title         = "DBUnit",
	author        = "DBUnit",
  organization  = "DBUnit",
  url		  			= {dbunit.sourceforge.net/}
}


%%% JW BIB

@mastersthesis{MT:Moll:2013,
  author    = {Nikolaus Moll},
  title     = {{Testdaten-Modellierung und -Generierung für Datenbank-basierte Anwendungen}},
  month = {October},
  year      = {2013},
  school = {HTWG Konstanz / SEITENBAU GmbH}
}

%
%@misc{MT:Moll:2013,
%  author    = {Nikolaus Moll},
%  title     = {{Testdaten-Modellierung und -Generierung für Datenbank-basierte Anwendungen}},
%  month = {October},
%  year      = {2013},
%  school = {HTWG Konstanz / SEITENBAU GmbH},
%  note={Master Thesis}
%}


@article{FORUM:SRL:2013, 
  author    = {Christian Baranowski and Stefan Eichenhofer and Thomas Fox and Oliver Haase and Nikolaus Moll and Jürgen Wäsch},
  title = {{Angewandte Forschung in industrieller Kooperation –- das Seerhein-Lab}},
  journal = {FORUM, Forschungsmagazin der Hochschule Konstanz},
  isbn = {1619-9812},
  year = {2013/2014},
  address = {Konstanz, Germany},
  publisher = {HTWG Konstanz},
  note = {to appear}
}



@inproceedings{Houkjaer:2006:SRD:1182635.1164254,
 author = {Houkjaer, Kenneth and Torp, Kristian and Wind, Rico},
 title = {{Simple and realistic data generation}},
 booktitle = {Proceedings of the 32nd international conference on Very Large Data Bases},
 series = {VLDB '06},
 year = {2006},
 location = {Seoul, Korea},
 pages = {1243--1246},
 numpages = {4},
 url = {http://dl.acm.org/citation.cfm?id=1182635.1164254},
 acmid = {1164254},
 publisher = {VLDB Endowment}
} 

@inproceedings{Deng:2005:TDT:1062455.1062486,
 author = {Deng, Yuetang and Frankl, Phyllis and Chays, David},
 title = {{Testing database transactions with AGENDA}},
 booktitle = {Proceedings of the 27th international conference on Software engineering},
 series = {ICSE '05},
 year = {2005},
 isbn = {1-58113-963-2},
 location = {St. Louis, MO, USA},
 pages = {78--87},
 numpages = {10},
 url = {http://doi.acm.org/10.1145/1062455.1062486},
 doi = {10.1145/1062455.1062486},
 acmid = {1062486},
 publisher = {ACM},
 address = {New York, NY, USA},
 keywords = {database, software testing, transaction},
} 


@article{DBLP:journals/debu/BinnigKL08,
  author    = {Carsten Binnig and
               Donald Kossmann and
               Eric Lo},
  title     = {{Towards automatic test database generation}},
  journal   = {IEEE Data Eng. Bull.},
  volume    = {31},
  number    = {1},
  year      = {2008},
  pages     = {28-35},
  ee        = {http://sites.computer.org/debull/A08mar/binnig.pdf},
  bibsource = {DBLP, http://dblp.uni-trier.de}
}

@inproceedings{Binnig:2007:QGQ:1247480.1247520,
 author = {Binnig, Carsten and Kossmann, Donald and Lo, Eric and \"{O}zsu, M. Tamer},
 title = {{QAGen: generating query-aware test databases}},
 booktitle = {Proceedings of the 2007 ACM SIGMOD international conference on Management of data},
 series = {SIGMOD '07},
 year = {2007},
 isbn = {978-1-59593-686-8},
 location = {Beijing, China},
 pages = {341--352},
 numpages = {12},
 url = {http://doi.acm.org/10.1145/1247480.1247520},
 doi = {10.1145/1247480.1247520},
 acmid = {1247520},
 publisher = {ACM},
 address = {New York, NY, USA},
 keywords = {database, query processing, symbolic database, symbolic execution, symbolic query processing, testing},
} 

@article{Lo:2010:FTD:1773653.1773678,
 author = {Lo, Eric and Binnig, Carsten and Kossmann, Donald and Tamer \"{O}zsu, M. and Hon, Wing-Kai},
 title = {{A framework for testing DBMS features}},
 journal = {The VLDB Journal},
 issue_date = {April     2010},
 volume = {19},
 number = {2},
 month = apr,
 year = {2010},
 issn = {1066-8888},
 pages = {203--230},
 numpages = {28},
 url = {http://dx.doi.org/10.1007/s00778-009-0157-y},
 doi = {10.1007/s00778-009-0157-y},
 acmid = {1773678},
 publisher = {Springer-Verlag New York, Inc.},
 address = {Secaucus, NJ, USA},
 keywords = {Data generation, Database testing, Symbolic execution, Symbolic query processing},
} 

@inproceedings{Arasu:2011:DGU:1989323.1989395,
 author = {Arasu, Arvind and Kaushik, Raghav and Li, Jian},
 title = {{Data generation using declarative constraints}},
 booktitle = {Proceedings of the 2011 ACM SIGMOD International Conference on Management of data},
 series = {SIGMOD '11},
 year = {2011},
 isbn = {978-1-4503-0661-4},
 location = {Athens, Greece},
 pages = {685--696},
 numpages = {12},
 url = {http://doi.acm.org/10.1145/1989323.1989395},
 doi = {10.1145/1989323.1989395},
 acmid = {1989395},
 publisher = {ACM},
 address = {New York, NY, USA},
 keywords = {benchmarking, constraints, data generation, masking, testing},
} 

@inproceedings{DBLP:conf/kbse/SmaragdakisCS07,
  author    = {Yannis Smaragdakis and
               Christoph Csallner and
               Ranjith Subramanian},
  title     = {{Scalable automatic test data generation from modeling diagrams}},
  booktitle = {ASE},
  year      = {2007},
  pages     = {4-13},
  ee        = {http://doi.acm.org/10.1145/1321631.1321635},
  crossref  = {DBLP:conf/kbse/2007},
  bibsource = {DBLP, http://dblp.uni-trier.de}
}

@proceedings{DBLP:conf/kbse/2007,
  editor    = {R. E. Kurt Stirewalt and
               Alexander Egyed and
               Bernd Fischer},
  title     = {22nd IEEE/ACM International Conference on Automated Software
               Engineering (ASE 2007), November 5-9, 2007, Atlanta, Georgia,
               USA},
  booktitle = {ASE},
  publisher = {ACM},
  year      = {2007},
  isbn      = {978-1-59593-882-4 },
  bibsource = {DBLP, http://dblp.uni-trier.de}
}




%%% NM BIB

-------------------------------------------------------------- Online -------------------------------------------------------------- 
@manual{MANUAL_ID,
	title         = "Title",
	author        = "Author",
  organization  = "Organisation",
  year          = "2009",
  url		  			= {http://www.gidf.de},
  urldate	  		= {2011-06-05}
}

@book{BOOK_ID,
  title={{Title}},
  author={Author},
  isbn={123451234512345},
  series={Series},
  url={http://books.google.com/},
  year={2008},
  publisher={Publisher}
}

@book{DSLS_IN_ACTION,
  title={{DSLs in Action}},
  author={Debasish Ghosh},
  isbn={978-1-935182-45-0},
  url={http://www.manning.com/ghosh/},
  year={2010},
  publisher={Manning}
}

@book{REFACTORING_DATABASES,
  title={{Refactoring Databases, Evolutionary Database Design}},
  author={Scott W. Ambler and Pramod J. Sadalage},
  isbn={978-0-3212-9353-4},
  series={The Addison-Wesley Signature Series},
  url={http://www.addison-wesley.de/main/main.asp?page=aktionen/bookdetails&ProductID=108888},
  year={2006},
  publisher={Addison-Wesley}
}

@book{BASISWISSEN_SOFTWAETEST,
  title={{Basiswissen Softwaretest}},
  author={Andreas Spillner and Tilo Linz},
  isbn={978-3-89864-642-0},
  url={http://www.dpunkt.de/buecher/4075.html},
  year={2010},
  publisher={dpunkt.verlag}
}

@book{DER_INTEGRATIONSTEST,
  title={{Der Integrationstest}},
  author={Mario Winter and Mohsen Ekssir-Monfared and Harry M. Sneed and Richard Seidl and Lars Borner},
  isbn={978-3-446-42564-4},
  url={http://www.dpunkt.de/buecher/4075.html},
  year={2012},
  publisher={Hanser}
}

@book{XUNIT_TEST_PATTERNS,
  title={{XUnit Test Patterns: Refactoring Test Code}},
  author={Gerard Meszaros},
  isbn={978-0-13-149505-0},
  series={The Addison-Wesley Signature Series},
  url={http://xunitpatterns.com/index.html},
  year={2007},
  publisher={Addison-Wesley}
}

@book{DOMAIN_SPECIFIC_LANGUAGES,
  title={{Domain-Specific Languages}},
  author={Martin Fowler},
  isbn={978-0321712943},
  series={The Addison-Wesley Signature Series},
  url={http://martinfowler.com/books/dsl.html},
  year={2010},
  publisher={Addison-Wesley}
}

@book{MODELLGETRIEBENE_SOFTWAREENTWICKLUNG,
	author={Stahl, Thomas},
	title={Modellgetriebene Softwareentwicklung: Techniken, Engineering, Management},
	year={2007},
	publisher={dpunkt-Verl.},
	keywords={Modellgetriebene Entwicklung. Modellgetriebene Entwicklung},
	URL={http://www.gbv.de/dms/ilmenau/toc/528370707.PDF},
	edition={2., aktualisierte und erw. Aufl.},
	ISBN={978-3-89864-448-8},
}

@book{DOMAIN_DRIVEN_DESIGN,
  title={Domain-driven Design: Tackling Complexity in the Heart of Software},
  author={Eric Evans},
  isbn={978-0-321-12521-7},
  lccn={2003050331},
  url={http://books.google.de/books?id=7dlaMs0SECsC},
  year={2004},
  publisher={Addison Wesley Professional}
}

@book {DESIGN_PATTERNS,
	author={Erich Gamma and Richard Helm and Ralph Johnson and John Vlissides},
	title={Design Patterns: Elements of Reusable Object-Oriented Software},
	year={1994},
	publisher={Addison-Wesley},
	keywords={Objektorientiertes programmieren. Object-oriented design},
	ISBN={978-0-2016-3361-0},
	URL={http://www.addison-wesley.de/9780201633610.html}
}

@book {PRO_SPRING,
	author={Rob Harrop and Jan Machacek},
	title={Pro Spring},
	year={2005},
	publisher={Apress},
	ISBN={978-1-59059-461-2},
	URL={http://books.google.de/books/about/Pro_Spring.html?id=q2PIjAJoXsAC&redir_esc=y}
}


@book {GROOVY_IM_EINSATZ,
	author={Dierk K{\"o}nig},
	title={Groovy im Einsatz},
	year={2007},
	publisher={Fachbuchverl. Leipzig im Carl-Hanser-Verl.},
	keywords={Groovy <Programmiersprache>. Groovy / Programmiersprache. Groovy / Programmiersprache},
	URL={http://deposit.d-nb.de/cgi-bin/dokserv?id=2948820&prov=M&dok_var=1&dok_ext=htm},
	ISBN={978-3-446-41238-5},
}

@book {JAVA_CONCURRENCY_IN_PRACTICE,
	author={Brian Goetz},
	title={Java concurrency in practice},
	year={2009},
	publisher={Addison-Wesley},
	URL={http://www.gbv.de/dms/ilmenau/toc/601225643.PDF},
	edition={7. print.},
	ISBN={978-0-321-34960-6},
}

@book{CLEAN_CODE,
  title={{Clean Code: Refactoring, Patterns, Testen und Techniken f{\"u}r sauberen Code}},
  author={Robert C. Martin},
  isbn={978-3-8266-5548-7},
  url={http://www.it-fachportal.de/shop/buch/Clean%20Code%20-%20Refactoring,%20Patterns,%20Testen%20und%20Techniken%20f%C3%BCr%20sauberen%20Code/detail.html,b164659},
  year={2009},
  publisher={mitp-Verlag}
}

@book{CREATINGDATASETS,
  title={{Creating Datasets for Testing Relational Databases}},
  author={Ali Raza and Stephen Clyde},
  isbn={9783847337638},
  year={2012},
  publisher={LAP Lambert Academic Publishing}
}


@book{EFFECTIVEJAVA2ND,
  title={{Effective Java Second Edition}},
  author={Joshua Bloch},
  isbn={9780321356680},
  series={The Java Series},
  url={http://books.google.com/books?id=ka2VUBqHiWkC&pg},
  year={2008},
  publisher={Addison-Wesley}
}

@book{SMALLTALK_BEST_PRACTICE_PATTERNS,
  title={{Smalltalk Best Practice Patterns}},
  author={Kent Beck},
  isbn={9780134769042},
  url={http://www.pearson.ch/1471/9780134769042/Smalltalk-Best-Practice-Patterns.aspx},
  year={1996},
  publisher={Prentice Hall}
}


@manual{APACHE_LICENSE_2,
	title         = "Apache License, Version 2.0",
	author        = "The Apache Software Foundation",
  organization  = "The Apache Software Foundation",
  year          = "2004",
  url		  			= {http://www.apache.org/licenses/LICENSE-2.0.html},
  urldate	  		= {2013-05-07}
}

@manual{SPOCK,
	title         = "spock - the enterprise ready specification framework",
	author        = "Peter Niederwieser and others",
  organization  = "Peter Niederwieser and others",
  year          = "2012",
  url		  			= {http://spockframework.org/},
  urldate	  		= {2013-05-07}
}

@manual{GROOVY_SLIDES,
	title         = "Groovy DSLs, from Beginner to Expert",
	author        = "Guillaume Laforge and Paul King",
  organization  = "SpringSource",
  year          = "2012",
  url		  			= {http://de.slideshare.net/glaforge/groovy-dsls-from-beginner-to-expert-guillaume-laforge-and-paul-king-springone2gx-2011},
  urldate	  		= {2013-05-21}
}



@manual{GUAVA_OPTIONAL,
	title         = "Optional (Guava: Google Core Libraries for Java 15.0-SNAPSHOT API)",
	author        = "Google Guava Community",
  organization  = "Google Guava Community",
  year          = "2013",
  url		  			= {http://docs.guava-libraries.googlecode.com/git/javadoc/com/google/common/base/Optional.html},
  urldate	  		= {2013-07-19}
}


@manual{MOF_141,
	title         = "Meta Object Facility (MOF) Specification 1.4.1",
	author        = "",
  organization  = "",
  year          = "2005",
  url		  			= {http://www.omg.org/spec/MOF/ISO/19502/PDF/},
  urldate	  		= {2013-07-17}
}


@inproceedings{Houkjaer:2006:SRD:1182635.1164254,
 author = {Houkjaer, Kenneth and Torp, Kristian and Wind, Rico},
 title = {Simple and realistic data generation},
 booktitle = {Proceedings of the 32nd international conference on Very large data bases},
 series = {VLDB '06},
 year = {2006},
 location = {Seoul, Korea},
 pages = {1243--1246},
 numpages = {4},
 url = {http://dl.acm.org/citation.cfm?id=1182635.1164254},
 acmid = {1164254},
 publisher = {VLDB Endowment},
} 

@inproceedings{DBLP:conf:icde:BinnigKL07,
  author    = {Carsten Binnig and Donald Kossmann and Eric Lo},
  title     = {Reverse Query Processing},
  booktitle = {ICDE},
  year      = {2007},
  pages     = {506-515},
  ee        = {http://doi.ieeecomputersociety.org/10.1109/ICDE.2007.367896},
  crossref  = {DBLP:conf/icde/2007},
  bibsource = {DBLP, http://dblp.uni-trier.de}
}
@proceedings{DBLP:conf/icde/2007,
  editor    = {Rada Chirkova and
               Asuman Dogac and
               M. Tamer {\"O}zsu and
               Timos K. Sellis},
  title     = {Proceedings of the 23rd International Conference on Data
               Engineering, ICDE 2007, The Marmara Hotel, Istanbul, Turkey,
               April 15-20, 2007},
  booktitle = {ICDE},
  publisher = {IEEE},
  year      = {2007},
  bibsource = {DBLP, http://dblp.uni-trier.de}
}

@INPROCEEDINGS{Chays04anagenda,
    author = {David Chays and Yuetang Deng and Phyllis G. Frankl and Elaine J. Weyuker},
    title = {An AGENDA for testing relational database applications},
    booktitle = {Software Testing, Verification and Reliability},
    year = {2004},
    pages = {2004}
}

