-------------------------------------------------------------- Online -------------------------------------------------------------- 
@manual{MANUAL_ID,
	title         = "Title",
	author        = "Author",
  organization  = "Organisation",
  year          = "2009",
  url		  			= {http://www.gidf.de},
  urldate	  		= {2011-06-05}
}

@book{BOOK_ID,
  title={{Title}},
  author={Author},
  isbn={123451234512345},
  series={Series},
  url={http://books.google.com/},
  year={2008},
  publisher={Publisher}
}

@book{DSLS_IN_ACTION,
  title={{DSLs in Action}},
  author={Debasish Ghosh},
  isbn={978-1-935182-45-0},
  url={http://www.manning.com/ghosh/},
  year={2010},
  publisher={Manning}
}

@book{REFACTORING_DATABASES,
  title={{Refactoring Databases, Evolutionary Database Design}},
  author={Scott W. Ambler and Pramod J. Sadalage},
  isbn={978-0-3212-9353-4},
  series={The Addison-Wesley Signature Series},
  url={http://www.addison-wesley.de/main/main.asp?page=aktionen/bookdetails&ProductID=108888},
  year={2006},
  publisher={Addison-Wesley}
}

@book{BASISWISSEN_SOFTWAETEST,
  title={{Basiswissen Softwaretest}},
  author={Andreas Spillner and Tilo Linz},
  isbn={978-3-89864-642-0},
  url={http://www.dpunkt.de/buecher/4075.html},
  year={2010},
  publisher={dpunkt.verlag}
}

@book{DER_INTEGRATIONSTEST,
  title={{Der Integrationstest}},
  author={Mario Winter and Mohsen Ekssir-Monfared and Harry M. Sneed and Richard Seidl and Lars Borner},
  isbn={978-3-446-42564-4},
  url={http://www.dpunkt.de/buecher/4075.html},
  year={2012},
  publisher={Hanser}
}

@book{XUNIT_TEST_PATTERNS,
  title={{XUnit Test Patterns: Refactoring Test Code}},
  author={Gerard Meszaros},
  isbn={978-0-13-149505-0},
  series={The Addison-Wesley Signature Series},
  url={http://xunitpatterns.com/index.html},
  year={2007},
  publisher={Addison-Wesley}
}

@book{DOMAIN_SPECIFIC_LANGUAGES,
  title={{Domain-Specific Languages}},
  author={Martin Fowler},
  isbn={978-0321712943},
  series={The Addison-Wesley Signature Series},
  url={http://martinfowler.com/books/dsl.html},
  year={2010},
  publisher={Addison-Wesley}
}

@book{MODELLGETRIEBENE_SOFTWAREENTWICKLUNG,
	author = {Stahl, Thomas},
	title = {Modellgetriebene Softwareentwicklung: Techniken, Engineering, Management},
	address = {Heidelberg},
	year = {2007},
	publisher = {dpunkt-Verl.},
	keywords = {Modellgetriebene Entwicklung. Modellgetriebene Entwicklung},
	pages = {XV, 441 S.},
	URL = {http://www.gbv.de/dms/ilmenau/toc/528370707.PDF},
	edition = {2., aktualisierte und erw. Aufl.},
	ISBN = {978-3-89864-448-8},
}

@book{DOMAIN_DRIVEN_DESIGN,
  title={Domain-driven Design: Tackling Complexity in the Heart of Software},
  author={Eric Evans},
  isbn={978-0-321-12521-7},
  lccn={2003050331},
  url={http://books.google.de/books?id=7dlaMs0SECsC},
  year={2004},
  publisher={Addison Wesley Professional}
}

@book {DESIGN_PATTERNS,
	author = {Erich Gamma and Richard Helm and Ralph Johnson and John Vlissides},
	title = {Design patterns: elements of reusable object-oriented software},
	year = {1995},
	publisher = {Addison-Wesley},
	keywords = {Objektorientiertes programmieren. Object-oriented design},
	pages = {XV, 395 S.},
	ISBN = {978-0-201-63361-0},
	URL = {http://books.google.de/books?id=6oHuKQe3TjQC}
}



